@Book{h17,
    author    = {T. White},
    title     = {Hadoop: The Definitive Guide},
    publisher = {OReily Media},
    year      = {2009}
   }
   
 @InProceedings{22,
author = {A.Thusoo and J.Sarma and N.Jain and Z.Shao and P.Chakka and S.Anthony and H.Liu and P.Wyckoff and R.Murthy},
title = {Hive: a warehousing solution over a map reduce framework},
booktitle = {Proceedings of the VLDB Endowment},
pages = {1626-1629},
year = {2009},
volume = {2},
number = {2}
}
P. Russom et al., “Big data analytics,” TDWI Best Practices Report, Fourth
Quarter, 2011


@TechReport{TWDI-Report,
author = {P. Russom},
title = {Big data analytics},
institution = {TDWI Best Practices Report},
year = {2011}
}


@Misc{21,
author = {Aache Software Foundation},
title = {"Apache Pig"},
note = {Accessed August 2, 2014.\url{http://pig.apache.org}}
}

@Misc{23,
author = {Aache Software Foundation},
title = {"Apache Mahout"},
note = {Accessed August 2, 2014.\url{http://mahout.apache.org}}
}

@Misc{27,
author = {Aache Software Foundation},
title = {"Apache Zookeeper"},
note = {Accessed August 2, 2014.\url{http://zookeeper.apache.org}}
}

@Misc{26,
author = {Aache Software Foundation},
title = {"Apache HBase"},
note = {Accessed August 2, 2014.\url{http://hbase.apache.org}}
}

@Misc{10,
author = {HopStart},
title = {"Hadoop Open Paas"},
note = {Accessed August 2, 2014.\url{http://www.hopstart.org}}
}

@Misc{Snapshot-ls,
author = {Snapshot-ls},
title = {"List subtree in a snapshot"},
note = {Accessed August 2, 2014.\url {https://github.com/pushparajxa/Snapshots/blob/master/Final_Short.sql}}
}


@Misc{15,
author = {SICS},
title = {"Swedish ICT SICS"},
note = {Accessed August 2, 2014.\url{http://www.sics.se}}
}
@Misc{mysql1,
author = {Developer Zone MySql},
title = {"MySQL :: MySQL Cluster API Developer Guide :: 1.3.3.2 NDB Record Structure"},
note = {Accessed August 2, 2014.\url{http://http://dev.mysql.com/doc/mysqlclusterexcerpt/5.1/en/mysqlclusterlimitationstrans
actions.html}}
}

@MastersThesis{11,
author = {W R Malik},
title = {"A distributed namespace for a distributed file system"},
school = {KTH},
year = {2012}
}

@MastersThesis{12,
author = {M H H Hooman Peiro Sajjad},
title = {"Maintaining strong consistency semantics
in a horizontally scalable and highly available implementation of hdfs
"},
school = {KTH},
year = {2013}
}

@Misc{29,
author = {Oracle-MySql},
title = {"MySQl Cluster Overview"},
note = {Accessed August 2, 2014.\url{http://dev.mysql.com/doc/refman/5.5/en/mysql-cluster-overview.html}}
}

@Misc{clusterj,
author = {Oracle-ClusterJ},
title = {"MySQl ClusterJ Overview"},
note = {Accessed August 11, 2014.\url{http://dev.mysql.com/doc/ndbapi/en/mccj-using-clusterj.html}}
}

@Misc{Hadoop2,
author = {Apache-Hadoop},
title = {"Apche Hadoop Version 2"},
note = {Accessed August 11, 2014.\url{http://hadoop.apache.org/docs/r2.0.6-alpha/hadoop-project-dist/hadoop-common/releasenotes.html}}
}

@Misc{Facebook,
author = {Facebook-Hadoop},
title = {"Snapshots in Hadoop Distributed File System"},
note = {Accessed August 11, 2014.\url{http://www.cs.berkeley.edu/~sameerag/hdfs_snapshots_ucb_tr.pdf}}
}


@article{cap,
 author = {Gilbert, Seth and Lynch, Nancy},
 title = {Brewer's Conjecture and the Feasibility of Consistent, Available, Partition-tolerant Web Services},
 journal = {SIGACT News},
 issue_date = {June 2002},
 volume = {33},
 number = {2},
 month = jun,
 year = {2002},
 issn = {0163-5700},
 pages = {51--59},
 numpages = {9},
 url = {http://doi.acm.org/10.1145/564585.564601},
 doi = {10.1145/564585.564601},
 acmid = {564601},
 publisher = {ACM},
 address = {New York, NY, USA}
} 

@InCollection{hopPaper,
year={2014},
isbn={978-3-662-43351-5},
booktitle={"Distributed Applications and Interoperable Systems"},
series={Lecture Notes in Computer Science},
editor={Magoutis, Kostas and Pietzuch, Peter},
doi={10.1007/978-3-662-43352-2_4},
title={Scaling HDFS with a Strongly Consistent Relational Model for Metadata},
url={http://dx.doi.org/10.1007/978-3-662-43352-2_4},
publisher={Springer Berlin Heidelberg},
author={Hakimzadeh, Kamal and Peiro Sajjad, Hooman and Dowling, Jim},
pages={38-51},
language={English}
}

