@book{17,
    author    = "T. White",
    title     = "Hadoop: The Definitive Guide",
    publisher = "OReily Media",
    year      = "2009"
   }