@incollection{
year={2014},
isbn={978-3-662-43351-5},
booktitle={Distributed Applications and Interoperable Systems},
series={Lecture Notes in Computer Science},
editor={Magoutis, Kostas and Pietzuch, Peter},
doi={10.1007/978-3-662-43352-2_4},
title={Scaling HDFS with a Strongly Consistent Relational Model for Metadata},
url={http://dx.doi.org/10.1007/978-3-662-43352-2_4},
publisher={Springer Berlin Heidelberg},
author={Hakimzadeh, Kamal and Peiro Sajjad, Hooman and Dowling, Jim},
pages={38-51},
language={English}
}
